@misc{chung2016recurrent,
      title={A Recurrent Latent Variable Model for Sequential Data}, 
      author={Junyoung Chung and Kyle Kastner and Laurent Dinh and Kratarth Goel and Aaron Courville and Yoshua Bengio},
      year={2016},
      eprint={1506.02216},
      archivePrefix={arXiv},
      primaryClass={cs.LG}
}
@article{Cacciari_2008,
   title={The anti-kt jet clustering algorithm},
   volume={2008},
   ISSN={1029-8479},
   url={http://dx.doi.org/10.1088/1126-6708/2008/04/063},
   DOI={10.1088/1126-6708/2008/04/063},
   number={04},
   journal={Journal of High Energy Physics},
   publisher={Springer Science and Business Media LLC},
   author={Cacciari, Matteo and Salam, Gavin P and Soyez, Gregory},
   year={2008},
   month={Apr},
   pages={063â€“063}
}
@inproceedings{An2015VariationalAB,
  title={Variational Autoencoder based Anomaly Detection using Reconstruction Probability},
  author={Jinwon An and S. Cho},
  year={2015}
}
@misc{moneta2011roostats,
      title={The RooStats Project}, 
      author={Lorenzo Moneta and Kevin Belasco and Kyle Cranmer and Sven Kreiss and Alfio Lazzaro and Danilo Piparo and Gregory Schott and Wouter Verkerke and Matthias Wolf},
      year={2011},
      eprint={1009.1003},
      archivePrefix={arXiv},
      primaryClass={physics.data-an}
}
